@book{Katz,
 author = {Katz, Randy H.},
 title = {Contemporary Logic Design},
 year = {2000},
 isbn = {0201308576},
 edition = {2nd},
 publisher = {Addison-Wesley Longman Publishing Co., Inc.},
 address = {Boston, MA, USA},
}

@book{Ngo2012,
  author = {Ngô,Christian and Ngô, Hélène},
  title = {Physique des semi-conducteurs - 4e édition},
  edition = {4th},
  year = {2012},
  publisher = {Dunod Editions},
}

@book{Weste2010,
 author = {Weste, Neil and Harris, David},
 title = {CMOS VLSI Design: A Circuits and Systems Perspective},
 year = {2010},
 isbn = {0321547748, 9780321547743},
 edition = {4th},
 publisher = {Addison-Wesley Publishing Company},
 address = {USA},
}

@book{Chu2006,
 author = {Chu, Pong P.},
 title = {RTL Hardware Design Using VHDL: Coding for Efficiency, Portability, and Scalability},
 year = {2006},
 isbn = {0471720925},
 publisher = {Wiley-IEEE Press},
}

@book{Chu2008,
 author = {Chu, Pong P.},
 title = {FPGA Prototyping by VHDL Examples: Xilinx Spartan-3 Version},
 year = {2008},
 publisher = {Wiley-IEEE Press},
}

@book{Mano:2001:DD:559360,
 author = {Mano, M. Morris},
 title = {Digital Design},
 year = {2001},
 isbn = {0130621218},
 edition = {3rd},
 publisher = {Prentice Hall PTR},
 address = {Upper Saddle River, NJ, USA},
}

@book{Clements:2000:PCH:518138,
 author = {Clements, Alan},
 title = {The  Principles of Computer Hardware},
 year = {2000},
 isbn = {0198564546},
 edition = {3rd},
 publisher = {Oxford University Press, Inc.},
 address = {New York, NY, USA},
}

@book{Bryant:2010:CSP:1841497,
 author = {Bryant, Randal E. and O'Hallaron, David R.},
 title = {Computer Systems: A Programmer's Perspective},
 year = {2010},
 isbn = {0136108040, 9780136108047},
 edition = {2nd},
 publisher = {Addison-Wesley Publishing Company},
 address = {USA},
}

@book{Cover:2006:EIT:1146355,
 author = {Cover, Thomas M. and Thomas, Joy A.},
 title = {Elements of Information Theory (Wiley Series in Telecommunications and Signal Processing)},
 year = {2006},
 isbn = {0471241954},
 publisher = {Wiley-Interscience},
}
